<record><leader>00000cas a2200000   4500</leader><controlfield tag="001">6459000</controlfield><controlfield tag="008">800625d19801986miuwr ne      0   a0eng d</controlfield><datafield ind1=" " ind2=" " tag="010"><subfield code="a">sn 80013186 </subfield></datafield><datafield ind1=" " ind2=" " tag="040"><subfield code="a">NSD</subfield><subfield code="b">eng</subfield><subfield code="c">NSD</subfield><subfield code="d">OCL</subfield><subfield code="d">MHN</subfield><subfield code="d">OCLCQ</subfield><subfield code="d">OCLCF</subfield><subfield code="d">OCLCO</subfield></datafield><datafield ind1=" " ind2=" " tag="012"><subfield code="m">d</subfield></datafield><datafield ind1="1" ind2=" " tag="022"><subfield code="a">0274-6077</subfield><subfield code="l">0274-6077</subfield><subfield code="2">1</subfield></datafield><datafield ind1="1" ind2=" " tag="029"><subfield code="a">AU@</subfield><subfield code="b">000020281467</subfield></datafield><datafield ind1=" " ind2=" " tag="042"><subfield code="a">nsdp</subfield></datafield><datafield ind1="0" ind2=" " tag="130"><subfield code="a">Courier (Chesaning, Mich.)</subfield></datafield><datafield ind1=" " ind2="4" tag="222"><subfield code="a">The Courier</subfield><subfield code="b">(Chesaning)</subfield></datafield><datafield ind1="0" ind2="4" tag="245"><subfield code="a">The Courier.</subfield></datafield><datafield ind1="1" ind2="7" tag="246"><subfield code="a">Courier/Valley news</subfield></datafield><datafield ind1=" " ind2=" " tag="260"><subfield code="a">Chesaning, Mich.,</subfield><subfield code="b">Saginaw Valley News, inc.</subfield></datafield><datafield ind1=" " ind2=" " tag="310"><subfield code="a">Weekly</subfield></datafield><datafield ind1="0" ind2=" " tag="362"><subfield code="a">June 11, 1980-June 24, 1986.</subfield></datafield><datafield ind1=" " ind2=" " tag="500"><subfield code="a">"Serving...homes in the tri-county communities of Chesaning, Montrose, and New Lothrop."</subfield></datafield><datafield ind1=" " ind2="0" tag="651"><subfield code="a">Chesaning (Mich.)</subfield><subfield code="v">Newspapers.</subfield></datafield><datafield ind1=" " ind2="0" tag="651"><subfield code="a">Saginaw County (Mich.)</subfield><subfield code="v">Newspapers.</subfield></datafield><datafield ind1=" " ind2="7" tag="655"><subfield code="a">Newspapers.</subfield><subfield code="2">fast</subfield><subfield code="0">(OCoLC)fst01423814</subfield></datafield><datafield ind1=" " ind2="7" tag="651"><subfield code="a">Michigan</subfield><subfield code="z">Chesaning.</subfield><subfield code="2">fast</subfield><subfield code="0">(OCoLC)fst01219721</subfield></datafield><datafield ind1=" " ind2="7" tag="651"><subfield code="a">Michigan</subfield><subfield code="z">Saginaw County.</subfield><subfield code="2">fast</subfield><subfield code="0">(OCoLC)fst01202880</subfield></datafield><datafield ind1=" " ind2=" " tag="752"><subfield code="a">United States</subfield><subfield code="b">Michigan</subfield><subfield code="c">Saginaw</subfield><subfield code="d">Chesaning.</subfield></datafield><datafield ind1="0" ind2="0" tag="780"><subfield code="t">Saginaw Valley news (Saint Charles, Mich.)</subfield><subfield code="w">(DLC)sn97063044</subfield><subfield code="w">(OCoLC)36327991</subfield></datafield><datafield ind1=" " ind2=" " tag="936"><subfield code="a">June 11, 1980</subfield></datafield></record>